<record><leader>00000cas a22000007a 4500</leader><controlfield tag="001">14410369</controlfield><controlfield tag="008">861017d19uu1915txudr ne      0   a0eng d</controlfield><datafield ind1=" " ind2=" " tag="010"><subfield code="a">sn 86089788 </subfield></datafield><datafield ind1=" " ind2=" " tag="040"><subfield code="a">PPM</subfield><subfield code="b">eng</subfield><subfield code="c">PPM</subfield><subfield code="d">OCLCQ</subfield><subfield code="d">DLC</subfield><subfield code="d">HUL</subfield></datafield><datafield ind1="0" ind2=" " tag="022"><subfield code="a">2473-5760</subfield><subfield code="l">2473-5760</subfield><subfield code="2">1</subfield></datafield><datafield ind1=" " ind2=" " tag="042"><subfield code="a">msc</subfield><subfield code="a">nsdp</subfield></datafield><datafield ind1="1" ind2="0" tag="050"><subfield code="a">ISSN RECORD</subfield></datafield><datafield ind1="1" ind2="0" tag="082"><subfield code="a">071</subfield><subfield code="2">23</subfield></datafield><datafield ind1=" " ind2="4" tag="222"><subfield code="a">The Austin tribune</subfield></datafield><datafield ind1="0" ind2="4" tag="245"><subfield code="a">The Austin tribune.</subfield></datafield><datafield ind1=" " ind2=" " tag="260"><subfield code="a">Austin, Tex. :</subfield><subfield code="b">Austin Print. Co.</subfield></datafield><datafield ind1=" " ind2=" " tag="300"><subfield code="a">v. :</subfield><subfield code="b">ill. ;</subfield><subfield code="c">55 cm.</subfield></datafield><datafield ind1=" " ind2=" " tag="310"><subfield code="a">Daily (except Sat.)</subfield></datafield><datafield ind1="1" ind2=" " tag="362"><subfield code="a">Ceased in 1915?</subfield><subfield code="z">Cf. Gregory, W. Amer. newspapers.</subfield></datafield><datafield ind1=" " ind2=" " tag="588"><subfield code="a">Description based on: Vol. 23, no. 1 (Jan. 1, 1915).</subfield></datafield><datafield ind1=" " ind2=" " tag="752"><subfield code="a">United States</subfield><subfield code="b">Texas</subfield><subfield code="c">Travis</subfield><subfield code="d">Austin.</subfield></datafield><datafield ind1="0" ind2="4" tag="780"><subfield code="t">Austin statesman (Austin, Tex. : 1902)</subfield><subfield code="x">2473-5523</subfield><subfield code="w">(DLC)sn 87090665</subfield><subfield code="w">(OCoLC)16961795</subfield></datafield><datafield ind1="0" ind2="4" tag="780"><subfield code="t">Austin daily tribune</subfield><subfield code="x">2473-5779</subfield><subfield code="w">(DLC)sn 86088304</subfield><subfield code="w">(OCoLC)13959217</subfield></datafield><datafield ind1="0" ind2="4" tag="780"><subfield code="t">Austin tribune and news</subfield><subfield code="x">2473-5795</subfield><subfield code="w">(DLC)sn 86088182</subfield><subfield code="w">(OCoLC)13958979</subfield></datafield></record>